@article{Smith_2011,
	doi = {10.1109/tciaig.2011.2158545},
	year = 2011,
	month = {sep},
	publisher = {Institute of Electrical and Electronics Engineers ({IEEE})},
	volume = {3},
	number = {3},
	pages = {187--200},
	author = {Adam M. Smith and Michael Mateas},
	title = {Answer Set Programming for Procedural Content Generation: A Design Space Approach},
	journal = {IEEE Trans. Comput. Intell. AI Games Transactions on Computational Intelligence and {AI} in Games}
}

@mastersthesis{AST_GameLevel_Antonova,
    author = {Evgenia Antonova},
    title = {Applying Answer Set Programming in Game Level Design},
    school = {Aalto University},
    year = {2015}
}

@inproceedings{Cant_2009,
	doi = {10.1109/uksim.2009.69},
	year = 2009,
	publisher = {{IEEE}},
	author = {R.J. Cant and C.S. Langensiepen},
	title = {Methods for Automated Object Placement in Virtual Scenes},
	booktitle = {2009 11th International Conference on Computer Modelling and Simulation}
}

@incollection{History_PCG_Blatz_2017,
	doi = {10.1007/978-3-319-53088-8_1},
	url = {https://doi.org/10.1007%2F978-3-319-53088-8_1},
	year = 2017,
	publisher = {Springer International Publishing},
	pages = {1--13},
	author = {Michael Blatz and Oliver Korn},
	title = {A Very Short History of Dynamic and Procedural Content Generation},
	booktitle = {Game Dynamics}
}




@article{Shinya_1995,
	doi = {10.1007/bf01901515},
	url = {https://doi.org/10.1007%2Fbf01901515},
	year = 1995,
	month = {apr},
	publisher = {Springer Science and Business Media {LLC}},
	volume = {11},
	number = {4},
	pages = {188--201},
	author = {Mikio Shinya and Marie-Claire Forgue},
	title = {Laying out objects with geometric and physical constraints},
	journal = {The Visual Computer}
}

@inproceedings{Seversky_2006,
	doi = {10.1145/1180639.1180660},
	url = {https://doi.org/10.1145%2F1180639.1180660},
	year = 2006,
	month = {oct},
	publisher = {{ACM}},
	author = {Lee M. Seversky and Lijun Yin},
	title = {Real-time automatic 3D scene generation from natural language voice and text descriptions},
	booktitle = {Proceedings of the 14th {ACM} international conference on Multimedia}
}
